@inproceedings{ 289437,
	author = "Sigbjorn Finne and Daan Leijen and Erik Meijer and Simon Peyton Jones",
	title = "H/Direct: a binary foreign language interface for Haskell",
	booktitle = "ICFP '98: Proceedings of the third ACM SIGPLAN international conference on Functional programming",
	year = "1998",
	isbn = "1-58113-024-4",
	pages = "153--162",
	location = "Baltimore, Maryland, United States",
	doi = "http://doi.acm.org/10.1145/289423.289437",
	publisher = "ACM Press",
	address = "New York, NY, USA"
}

@Manual{ Ada95b,
	Key = "Ada",
	Title = "Ada 95 Reference Manual. The Language. The Standard Libraries",
	Month = Jan,
	Year = 1995,
	Organization = "International Organization for Standardization",
	Note = "ANSI/ISO/IEC-8652:1995"
}

@article{ 151343,
	author = "David Tarditi and Peter Lee and Anurag Acharya",
	title = "No assembly required: compiling standard ML to C",
	journal = "ACM Lett. Program. Lang. Syst.",
	volume = "1",
	number = "2",
	year = "1992",
	issn = "1057-4514",
	pages = "161--177",
	doi = "http://doi.acm.org/10.1145/151333.151343",
	publisher = "ACM Press",
	address = "New York, NY, USA"
}

@misc{ tolmach-from,
	author = "A. Tolmach and D. Oliva",
	title = "From ML to Ada: Strongly-typed language interoperability via source translation",
	text = "A. Tolmach and D. Oliva. From ML to Ada: Strongly-typed language interoperability via source translation. Journal of Functional Programming. (to appear).",
	url = "citeseer.ist.psu.edu/article/tolmach97from.html"
}

@inproceedings{ jones93glasgow,
	author = "Simon L. Peyton Jones and Cordelia V. Hall and Kevin Hammond and Will Partain and Philip Wadler",
	title = "The Glasgow Haskell compiler: a technical overview",
	booktitle = "Proc. {UK} Joint Framework for Information Technology ({JFIT}) Technical Conference",
	year = "1993",
	url = "citeseer.ist.psu.edu/jones92glasgow.html"
}

@Book{ gosling00java,
	author = "James Gosling and Bill Joy and Guy Steele and Gilad Bracha",
	title = "The {Java} Language Specification",
	publisher = "Addison-Wesley",
	address = "Boston, Mass.",
	isbn = "0-201-31008-2",
	year = "2000",
	class = "oo",
	edition = "2"
}

@inproceedings{ hugunin97python,
	author = "Jim Hugunin",
	title = "{Python} and {Java}: The Best of Both Worlds",
	booktitle = "6th International Python Conference",
	year = "1997",
	url = "citeseer.ist.psu.edu/hugunin97python.html"
}

@inproceedings{ luajava,
	author = "Carlos Cassino and Roberto Ierusalimschy",
	title = "LuaJava -- Uma Ferramenta de Scripting para Java",
	booktitle = "Simp{\'o}sio Brasileiro de Linguagens de Programa{\c{c}}{\~a}o",
	year = "1999",
	url = "http://www.tecgraf.puc-rio.br/~cassino/luajava/sblp99.ps.gz"
}

@article{ ierusalimschy96lua,
	author = "Roberto Ierusalimschy and Luiz Henrique de Figueiredo and Waldemar Celes Filho",
	title = "{Lua} --- an Extensible Extension Language",
	journal = "Soft\-ware\emdash Prac\-tice and Experience",
	volume = "26",
	number = "6",
	pages = "635--652",
	year = "1996",
	url = "citeseer.ist.psu.edu/article/ierusalimschy95lua.html"
}

@inproceedings{ benton99interlanguage,
	author = "Nick Benton and Andrew Kennedy",
	title = "Interlanguage Working Without Tears: Blending {SML} with Java",
	booktitle = "International Conference on Functional Programming",
	pages = "126-137",
	year = "1999",
	url = "citeseer.ist.psu.edu/benton99interlanguage.html"
}

@book{ box-net,
	author = "Don Box and Chris Sells",
	title = "Essential .NET, Volume I: The Common Language Runtime",
	year = "2002",
	isbn = "0201734117",
	publisher = "Addison-Wesley Longman Publishing Co., Inc.",
	address = "Boston, MA, USA"
}

@Manual{ hejlsberg-csharp,
	Title = "C\# Language Specification",
	Month = June,
	Year = 2006,
	Organization = "International Organization for Standardization",
	Note = "ISO/IEC 23270:2003"
}

@Manual{ cpp-cli,
	Title = "C++/CLI Language Specification",
	Month = December,
	Year = 2005,
	Organization = "Ecma International",
	Note = "Standard ECMA-372",
	url = " http://www.ecma-international.org/publications/standards/Ecma-372.htm"
}

@book{ 1096150,
	author = "Allison Randal and Dan Sugalski and Loepoid Toetsch",
	title = "Perl 6 and Parrot Essentials, Second Edition",
	year = "2004",
	isbn = "059600737X",
	publisher = "O'Reilly Media, Inc."
}

@article{ 368928,
	author = "Melvin E. Conway",
	title = "Proposal for an UNCOL",
	journal = "Commun. ACM",
	volume = "1",
	number = "10",
	year = "1958",
	issn = "0001-0782",
	pages = "5--8",
	doi = "http://doi.acm.org/10.1145/368924.368928",
	publisher = "ACM Press",
	address = "New York, NY, USA"
}

@article{ 954056,
	author = "John R. Metzner",
	title = "A graded bibliography on macro systems and extensible languages",
	journal = "SIGPLAN Not.",
	volume = "14",
	number = "1",
	year = "1979",
	issn = "0362-1340",
	pages = "57--64",
	doi = "http://doi.acm.org/10.1145/954051.954056",
	publisher = "ACM Press",
	address = "New York, NY, USA"
}

@inproceedings{ martins:2001:fpi,
	AUTHOR = "Pearu Peterson and Joaquim R. R. A. Martins and Juan J. Alonso",
	TITLE = "Fortran to Python Interface Generator with an Application to Aerospace Engineering",
	YEAR = 2001,
	MONTH = MAR,
	BOOKTITLE = "Proceedings of the 9th International Python Conference",
	url = "citeseer.ist.psu.edu/566695.html",
	address = "Long Beach, CA"
}

@Manual{ omg-corba,
	Title = "The Common Object Request Broker: Architecture and Specification, Version 3.0",
	Month = July,
	Year = 2002,
	Organization = "Object Management Group, Inc.",
	address = "Framingham, MA, USA"
}

@article{ 2433,
	author = "David Gelernter",
	title = "Generative communication in Linda",
	journal = "ACM Trans. Program. Lang. Syst.",
	volume = "7",
	number = "1",
	year = "1985",
	issn = "0164-0925",
	pages = "80--112",
	doi = "http://doi.acm.org/10.1145/2363.2433",
	publisher = "ACM Press",
	address = "New York, NY, USA"
}

@Book{ programmingruby,
	author = "David Thomas and Andrew Hunt",
	title = "Programming Ruby: The Pragmatic Programmer's Guide",
	publisher = "Addison Wesley Longman, Inc.",
	year = 2004,
	squak = "hello",
	note = "\url{http://www.rubycentral.com/book/index.html}",
	address = "Boston, MA, USA",
	isbn = "0-974-51405-5",
	edition = "2"
}

@Article{ Chapman:1997:OCL,
	author = "Barbara Chapman and Matthew Haines and Piyush Mehrotra and Hans Zima and John Van Rosendale",
	title = "{Opus}: {A} Coordination Language for Multidisciplinary Applications",
	journal = "Scientific Programming",
	volume = "6",
	number = "4",
	pages = "345--362",
	month = "Winter",
	year = "1997",
	CODEN = "SCIPEV",
	ISSN = "1058-9244",
	bibdate = "Thu Mar 28 12:27:27 MST 2002"
}

@INPROCEEDINGS{ collin97a,
	AUTHOR = "Suzanne Collin and Dominique Colnet and Olivier Zendra",
	TITLE = "{Type Inference for Late Binding. The SmallEiffel Compiler.}",
	YEAR = "1997",
	VOLUME = "1204",
	PUBLISHER = "Springer Verlag",
	BOOKTITLE = "Joint Modular Languages Conference, JMLC'97",
	SERIES = "Lecture Notes in Computer Sciences",
	PAGES = "67--81",
	KEYWORDS = "type inference, Eiffel, compilation, OOP",
	ANNOTE = "Publication LORIA \# 98-R-056."
}

@manual{ vanrossum-extpy,
	author = "van Rossum, Guido ",
	edition = "2.4.3",
	editor = "Drake, Fred L. ",
	month = "March",
	title = "Extending and Embedding the Python Interpreter",
	url = "http://docs.python.org/ext/ext.html",
	year = "2006"
}

@inproceedings{ wilson92uniprocessor,
	author = "Paul R. Wilson",
	title = "Uniprocessor Garbage Collection Techniques",
	booktitle = "Proc.\ Int.\ Workshop on Memory Management",
	number = "637",
	publisher = "Springer-Verlag",
	address = "Saint-Malo (France)",
	year = "1992",
	url = "citeseer.ist.psu.edu/wilson92uniprocessor.html"
}

@book{ 520155,
	author = "Sheng Liang",
	title = "Java Native Interface: Programmer's Guide and Reference",
	year = "1999",
	isbn = "0201325772",
	publisher = "Addison-Wesley Longman Publishing Co., Inc.",
	address = "Boston, MA, USA"
}

@Article{ moura-colua,
	author = "Ana Lucia de Moura and Noemi Rodriguez and Roberto Ierusalimschy",
	title = "Coroutines in {Lua}",
	journal = "Journal of Universal Computer Science",
	year = "2004",
	volume = "10",
	number = "7",
	pages = "910-925",
	month = jul,
	url = "citeseer.ist.psu.edu/moura04coroutines.html"
}

@Book{ wall-perl,
	author = "Wall, Larry and Christiansen, Tom and Orwant, Jon ",
	howpublished = "Paperback",
	isbn = "0596000278",
	keywords = "perl",
	month = "July",
	publisher = "O'Reilly",
	title = "Programming Perl",
	url = "http://www.amazon.de/exec/obidos/ASIN/0596000278",
	year = "2000",
	edition = "3"
}

@manual{ java-weak,
	edition = "5.0",
	title = "Java Native Interface 5.0 Specification",
	url = "http://java.sun.com/j2se/1.5.0/docs/guide/jni/",
	editor = "Sun Microsystems",
	year = "2003"
}

@InProceedings{ 1064997,
	author = "Levon Stepanian and Angela Demke Brown and Allan Kielstra and Gita Koblents and Kevin Stoodley",
	title = "Inlining Java native calls at runtime",
	booktitle = "VEE '05: Proceedings of the 1st ACM/USENIX international conference on Virtual execution environments",
	year = "2005",
	isbn = "1-59593-047-7",
	pages = "121--131",
	location = "Chicago, IL, USA",
	doi = "http://doi.acm.org/10.1145/1064979.1064997",
	publisher = "ACM Press",
	address = "New York, NY, USA"
}

@article{ ousterhout98scripting,
	author = "John K. Ousterhout",
	title = "Scripting: Higher-Level Programming for the 21st Century",
	journal = "Computer",
	volume = "31",
	number = "3",
	pages = "23--30",
	year = "1998",
	url = "citeseer.ist.psu.edu/article/ousterhout97scripting.html"
}

@Misc{ fsharp,
	title = "Microsoft F\#",
	author = "Don Syme and James Margetson",
	year = "2006",
	url = "http://research.microsoft.com/fsharp/"
}

@Misc{ lunatic-python,
	title = "Lunatic Python",
	author = "Gustavo Niemeyer",
	month = jul,
	year = "2006",
	url = "http://labix.org/lunatic-python"
}

@inproceedings{ jones99portable,
	author = "Simon Peyton Jones and Norman Ramsey and Fermin Reig",
	title = "{C}--: a Portable Assembly Language that Supports Garbage Collection",
	booktitle = "International Conference on Principles and Practice of Declarative Programming",
	year = "1999",
	url = "citeseer.ist.psu.edu/239439.html"
}

@InProceedings{ dvorak-gcc,
	title = "Gimplification Improvements",
	booktitle = "GCC Developers' Summit",
	author = "Zdenek Dvorak",
	location = "Ottawa, Canada",
	pages = "47--56",
	month = jun,
	year = "2005",
	url = "http://www.gccsummit.org/2005/2005-GCC-Summit-Proceedings.pdf"
}

@InProceedings{ Beazley:1996:SEU,
	author = "D. M. Beazley",
	title = "{SWIG}: an easy to use tool for integrating scripting languages with {C} and {C++}",
	editor = "{USENIX} Association",
	booktitle = "4th Annual Tcl/Tk Workshop '96, July 10--13, 1996. Monterey, CA",
	title = "4th Annual Tcl/Tk Workshop '96",
	publisher = "USENIX",
	address = "Berkeley, CA, USA",
	day = "10--13",
	month = jul,
	year = "1996",
	ISBN = "1-880446-78-2",
	ISBN-13 = "978-1-880446-78-2",
	LCCN = "QA76.73.T44 T44 1996",
	location = "Monterey, CA",
	pages = "129--139"
}

@Misc{ ewing-pyrex,
	title = "Pyrex - a Language for Writing Python Extension Modules",
	author = "Greg Ewing",
	year = "2006",
	url = "http://www.cosc.canterbury.ac.nz/greg.ewing/python/Pyrex/"
}

@Misc{ ltn004,
	title = "Lua Technical Note 4 - A thin API for interlanguage working, or Lua in Four Easy Calls",
	author = "Reuben Thomas",
	month = aug,
	year = "2002",
	url = "http://www.lua.org/notes/ltn004.html"
}

